@article{Dragan2019,
  author    = {Siddharth Reddy and
               Anca D. Dragan and
               Sergey Levine},
  title     = {Where Do You Think You're Going?: Inferring Beliefs about Dynamics
               from Behavior},
  journal   = {CoRR},
  volume    = {abs/1805.08010},
  year      = {2018},
  url       = {http://arxiv.org/abs/1805.08010},
  archivePrefix = {arXiv},
  eprint    = {1805.08010},
  timestamp = {Mon, 13 Aug 2018 16:47:53 +0200},
  biburl    = {https://dblp.org/rec/bib/journals/corr/abs-1805-08010},
  bibsource = {dblp computer science bibliography, https://dblp.org}
}

@article{Lanzon2014,
  title={Flight control of a quadrotor vehicle subsequent to a rotor failure},
  author={Lanzon, Alexander and Freddi, Alessandro and Longhi, Sauro},
  journal={Journal of Guidance, Control, and Dynamics},
  volume={37},
  number={2},
  pages={580--591},
  year={2014},
  publisher={American Institute of Aeronautics and Astronautics}
}
